<?xml version="1.0" encoding="UTF-8"?><collection xmlns="http://www.loc.gov/MARC21/slim"><record><leader>00489nam--2200193-u-4500</leader><controlfield tag="001">000052543</controlfield><controlfield tag="002">20161230</controlfield><controlfield tag="005">20161230201050</controlfield><controlfield tag="008">100906s1000------------r-----000-0-rus-d</controlfield><datafield ind1=" " ind2=" " tag="040"><subfield code="a">IFIN-HH</subfield></datafield><datafield ind1=" " ind2=" " tag="041"><subfield code="a">rus</subfield></datafield><datafield ind1=" " ind2=" " tag="080"><subfield code="a">533.6.011.72</subfield></datafield><datafield ind1="1" ind2=" " tag="100"><subfield code="a">Tikulin, M.A</subfield></datafield><datafield ind1="1" ind2="0" tag="245"><subfield code="a">Izluceatelnie svoistva udarnih voln v gazah</subfield><subfield code="c">M.a. tikulin, e.g. popov</subfield></datafield><datafield ind1=" " ind2=" " tag="260"><subfield code="a">Moskva</subfield><subfield code="b">Nauka</subfield><subfield code="c">1977</subfield></datafield><datafield ind1=" " ind2=" " tag="300"><subfield code="a">173 p</subfield></datafield><datafield ind1="1" ind2=" " tag="700"><subfield code="a">Popov, E.G</subfield></datafield><datafield ind1=" " ind2=" " tag="852"><subfield code="a">45197</subfield><subfield code="c">533.6</subfield></datafield><datafield ind1=" " ind2=" " tag="CAT"><subfield code="a">Sys</subfield><subfield code="c">20100906</subfield><subfield code="h">154312</subfield></datafield></record></collection>